<record><leader>00000cas a2200000 a 4500</leader><controlfield tag="001">20789804</controlfield><controlfield tag="008">891215d18961901ndudr ne      0    0eng c</controlfield><datafield ind1=" " ind2=" " tag="010"><subfield code="a">sn 89074482 </subfield></datafield><datafield ind1=" " ind2=" " tag="040"><subfield code="a">NOP</subfield><subfield code="b">eng</subfield><subfield code="c">NOP</subfield><subfield code="d">NYS</subfield><subfield code="d">OCLCQ</subfield><subfield code="d">OCLCF</subfield><subfield code="d">OCLCO</subfield></datafield><datafield ind1="1" ind2=" " tag="029"><subfield code="a">AU@</subfield><subfield code="b">000025875227</subfield></datafield><datafield ind1=" " ind2=" " tag="042"><subfield code="a">pcc</subfield></datafield><datafield ind1=" " ind2=" " tag="043"><subfield code="a">n-us-nd</subfield><subfield code="a">n-us-mn</subfield></datafield><datafield ind1="0" ind2=" " tag="130"><subfield code="a">Fargo daily argus (Fargo, N.D. : 1896)</subfield></datafield><datafield ind1="1" ind2="0" tag="245"><subfield code="a">Fargo daily argus.</subfield></datafield><datafield ind1="1" ind2="3" tag="246"><subfield code="a">Fargo argus</subfield></datafield><datafield ind1="3" ind2="0" tag="246"><subfield code="a">Fargo Sunday argus</subfield></datafield><datafield ind1=" " ind2=" " tag="260"><subfield code="a">Fargo [N.D.] ;</subfield><subfield code="a">Moorhead [Minn.] :</subfield><subfield code="b">Argus Pub. Co.</subfield></datafield><datafield ind1=" " ind2=" " tag="300"><subfield code="a">v. :</subfield><subfield code="b">ill. ;</subfield><subfield code="c">54-62 cm.</subfield></datafield><datafield ind1=" " ind2=" " tag="310"><subfield code="a">Daily</subfield></datafield><datafield ind1="1" ind2=" " tag="362"><subfield code="a">Began in 1896; ceased in 1901.</subfield></datafield><datafield ind1=" " ind2=" " tag="500"><subfield code="a">Publisher's block title: Fargo argus.</subfield></datafield><datafield ind1=" " ind2=" " tag="500"><subfield code="a">Official paper of Cass County, 1896; Fargo, 1899.</subfield></datafield><datafield ind1=" " ind2=" " tag="500"><subfield code="a">On Sundays published as: Fargo Sunday argus, Dec. 8, 1896-&lt;1901&gt;.</subfield></datafield><datafield ind1=" " ind2=" " tag="515"><subfield code="a">Sunday issues have their own numbering.</subfield></datafield><datafield ind1=" " ind2=" " tag="530"><subfield code="a">Available on microfilm from the State Historical Society of North Dakota.</subfield></datafield><datafield ind1=" " ind2=" " tag="588"><subfield code="a">Description based on: Vol. 19, no. 290 (Dec. 8, 1896).</subfield></datafield><datafield ind1=" " ind2=" " tag="588"><subfield code="a">Latest issue consulted: Vol. 23, no. 25 (Feb. 2, 1900).</subfield></datafield><datafield ind1=" " ind2="0" tag="651"><subfield code="a">Fargo (N.D.)</subfield><subfield code="v">Newspapers.</subfield></datafield><datafield ind1=" " ind2="0" tag="651"><subfield code="a">Cass County (N.D.)</subfield><subfield code="v">Newspapers.</subfield></datafield><datafield ind1=" " ind2="0" tag="651"><subfield code="a">Moorhead (Minn.)</subfield><subfield code="v">Newspapers.</subfield></datafield><datafield ind1=" " ind2="0" tag="651"><subfield code="a">Clay County (Minn.)</subfield><subfield code="v">Newspapers.</subfield></datafield><datafield ind1=" " ind2="7" tag="655"><subfield code="a">Newspapers.</subfield><subfield code="2">fast</subfield><subfield code="0">(OCoLC)fst01423814</subfield></datafield><datafield ind1=" " ind2="7" tag="651"><subfield code="a">Minnesota</subfield><subfield code="z">Clay County.</subfield><subfield code="2">fast</subfield><subfield code="0">(OCoLC)fst01214895</subfield></datafield><datafield ind1=" " ind2="7" tag="651"><subfield code="a">Minnesota</subfield><subfield code="z">Moorhead.</subfield><subfield code="2">fast</subfield><subfield code="0">(OCoLC)fst01208413</subfield></datafield><datafield ind1=" " ind2="7" tag="651"><subfield code="a">North Dakota</subfield><subfield code="z">Cass County.</subfield><subfield code="2">fast</subfield><subfield code="0">(OCoLC)fst01234907</subfield></datafield><datafield ind1=" " ind2="7" tag="651"><subfield code="a">North Dakota</subfield><subfield code="z">Fargo.</subfield><subfield code="2">fast</subfield><subfield code="0">(OCoLC)fst01211331</subfield></datafield><datafield ind1=" " ind2=" " tag="752"><subfield code="a">United States</subfield><subfield code="b">North Dakota</subfield><subfield code="c">Cass</subfield><subfield code="d">Fargo.</subfield></datafield><datafield ind1=" " ind2=" " tag="752"><subfield code="a">United States</subfield><subfield code="b">Minnesota</subfield><subfield code="c">Clay</subfield><subfield code="d">Moorhead.</subfield></datafield><datafield ind1="0" ind2=" " tag="775"><subfield code="t">Weekly argus (Fargo, N.D.)</subfield><subfield code="w">(DLC)sn 89074483</subfield></datafield><datafield ind1="0" ind2="0" tag="780"><subfield code="t">Daily argus (Fargo, N.D.)</subfield><subfield code="w">(DLC)sn 85042223</subfield></datafield><datafield ind1="0" ind2="7" tag="785"><subfield code="t">Morning call (Fargo, N.D.)</subfield><subfield code="w">(DLC)sn 89074472</subfield></datafield><datafield ind1="0" ind2="7" tag="785"><subfield code="t">Morning call and Fargo daily argus</subfield><subfield code="w">(DLC)sn 89074473</subfield></datafield></record>